<record><leader>00000cas a22000007a 4500</leader><controlfield tag="001">27354139</controlfield><controlfield tag="008">930201d18801969ctuwr ne      0   a0eng d</controlfield><datafield ind1=" " ind2=" " tag="010"><subfield code="a">sn 93053736 </subfield></datafield><datafield ind1=" " ind2=" " tag="040"><subfield code="a">CNW</subfield><subfield code="b">eng</subfield><subfield code="c">CNW</subfield><subfield code="d">OCLCQ</subfield><subfield code="d">OCLCF</subfield><subfield code="d">OCLCO</subfield></datafield><datafield ind1="1" ind2=" " tag="029"><subfield code="a">AU@</subfield><subfield code="b">000020736764</subfield></datafield><datafield ind1=" " ind2=" " tag="042"><subfield code="a">msc</subfield></datafield><datafield ind1=" " ind2=" " tag="043"><subfield code="a">n-us-ct</subfield></datafield><datafield ind1="0" ind2="4" tag="245"><subfield code="a">The Thompsonville press.</subfield></datafield><datafield ind1="3" ind2="0" tag="246"><subfield code="a">Thompsonville press and the Northern Connecticut news</subfield></datafield><datafield ind1="3" ind2="0" tag="246"><subfield code="a">Tri-town news</subfield></datafield><datafield ind1=" " ind2=" " tag="260"><subfield code="a">Thompsonville, Conn. :</subfield><subfield code="b">Parsons Print. Co.</subfield></datafield><datafield ind1=" " ind2=" " tag="300"><subfield code="a">89 v.</subfield></datafield><datafield ind1=" " ind2=" " tag="310"><subfield code="a">Weekly</subfield></datafield><datafield ind1="0" ind2=" " tag="362"><subfield code="a">Vol. 1, no. 1 (May 28, 1880)-v. 89, no. 52 (June 12, 1969).</subfield></datafield><datafield ind1=" " ind2=" " tag="500"><subfield code="a">Published as: Thompsonville press, the Northern Connecticut news, Apr. 7, 1960, and: Thompsonville press and the Northern Connecticut news, May 5-July 7 1960.</subfield></datafield><datafield ind1=" " ind2=" " tag="500"><subfield code="a">Includes a section called: The Tri-town news, Aug. 6, 1956-June 2, 1960.</subfield></datafield><datafield ind1=" " ind2=" " tag="530"><subfield code="a">Available on microfilm from New England Micrographics, Marlboro, Mass.</subfield></datafield><datafield ind1=" " ind2=" " tag="580"><subfield code="a">Published a supplement called: The Press bazaar, Oct. 24, 1963-196.</subfield></datafield><datafield ind1=" " ind2=" " tag="580"><subfield code="a">Published in the same office as: Northern Connecticut bazaar, 196 -May 17, 1983.</subfield></datafield><datafield ind1=" " ind2="0" tag="651"><subfield code="a">Thompsonville (Conn.)</subfield><subfield code="v">Newspapers.</subfield></datafield><datafield ind1=" " ind2="0" tag="651"><subfield code="a">Enfield (Conn. : Town)</subfield><subfield code="v">Newspapers.</subfield></datafield><datafield ind1=" " ind2="0" tag="651"><subfield code="a">Somers (Conn.)</subfield><subfield code="v">Newspapers.</subfield></datafield><datafield ind1=" " ind2="0" tag="651"><subfield code="a">Suffield (Conn.)</subfield><subfield code="v">Newspapers.</subfield></datafield><datafield ind1=" " ind2="7" tag="655"><subfield code="a">Newspapers.</subfield><subfield code="2">fast</subfield><subfield code="0">(OCoLC)fst01423814</subfield></datafield><datafield ind1=" " ind2="7" tag="651"><subfield code="a">Connecticut</subfield><subfield code="z">Enfield (Town)</subfield><subfield code="2">fast</subfield><subfield code="0">(OCoLC)fst01334572</subfield></datafield><datafield ind1=" " ind2="7" tag="651"><subfield code="a">Connecticut</subfield><subfield code="z">Somers.</subfield><subfield code="2">fast</subfield><subfield code="0">(OCoLC)fst01205719</subfield></datafield><datafield ind1=" " ind2="7" tag="651"><subfield code="a">Connecticut</subfield><subfield code="z">Suffield.</subfield><subfield code="2">fast</subfield><subfield code="0">(OCoLC)fst01209740</subfield></datafield><datafield ind1=" " ind2="7" tag="651"><subfield code="a">Connecticut</subfield><subfield code="z">Thompsonville.</subfield><subfield code="2">fast</subfield><subfield code="0">(OCoLC)fst01285993</subfield></datafield><datafield ind1=" " ind2=" " tag="752"><subfield code="a">United States</subfield><subfield code="b">Connecticut</subfield><subfield code="c">Hartford</subfield><subfield code="d">Thompsonville.</subfield></datafield><datafield ind1="1" ind2=" " tag="775"><subfield code="t">Press bazaar</subfield><subfield code="w">(DLC)sn 93053735</subfield></datafield><datafield ind1="0" ind2="5" tag="780"><subfield code="t">Northern Connecticut news</subfield><subfield code="g">Apr. 1960</subfield><subfield code="w">(DLC)sn 93053737</subfield></datafield><datafield ind1="0" ind2="0" tag="785"><subfield code="t">Enfield press (Thompsonville, Conn.)</subfield><subfield code="w">(DLC)sn 84009469</subfield><subfield code="w">(OCoLC)10426868</subfield></datafield><datafield ind1="1" ind2=" " tag="787"><subfield code="t">Northern Connecticut bazaar</subfield><subfield code="w">(DLC)sn 79002818</subfield><subfield code="w">(OCoLC)4952060</subfield></datafield></record>